%YAML 1.1
%TAG !u! tag:unity3d.com,2011:
--- !u!241 &24100000
AudioMixerController:
  m_ObjectHideFlags: 0
  m_CorrespondingSourceObject: {fileID: 0}
  m_PrefabInstance: {fileID: 0}
  m_PrefabAsset: {fileID: 0}
  m_Name: AudioMixer
  m_OutputGroup: {fileID: 0}
  m_MasterGroup: {fileID: 24300002}
  m_Snapshots:
  - {fileID: 24500006}
  m_StartSnapshot: {fileID: 24500006}
  m_SuspendThreshold: -80
  m_EnableSuspend: 1
  m_UpdateMode: 0
  m_ExposedParameters: []
  m_AudioMixerGroupViews:
  - guids:
    - 2813eddef0eef8f49b8099362bd006bd
    - 56dd7cd0d6b60ca45a8896c3bfee24bc
    - c2882a601292d2e44a91f4f97fc42290
    - e918f6569df63e745a2e0a1d67696a59
    name: View
  m_CurrentViewIndex: 0
  m_TargetSnapshot: {fileID: 24500006}
--- !u!243 &24300002
AudioMixerGroupController:
  m_ObjectHideFlags: 0
  m_CorrespondingSourceObject: {fileID: 0}
  m_PrefabInstance: {fileID: 0}
  m_PrefabAsset: {fileID: 0}
  m_Name: Master
  m_AudioMixer: {fileID: 24100000}
  m_GroupID: 2813eddef0eef8f49b8099362bd006bd
  m_Children:
  - {fileID: 243877979009411384}
  - {fileID: 243564747588538362}
  m_Volume: af0f17a636b362d42ba8257cd3a5bef9
  m_Pitch: b1bfda2d1ad2af04c9e9d623ac06d509
  m_Effects:
  - {fileID: 24400004}
  m_UserColorIndex: 0
  m_Mute: 0
  m_Solo: 0
  m_BypassEffects: 0
--- !u!244 &24400004
AudioMixerEffectController:
  m_ObjectHideFlags: 3
  m_CorrespondingSourceObject: {fileID: 0}
  m_PrefabInstance: {fileID: 0}
  m_PrefabAsset: {fileID: 0}
  m_Name: 
  m_EffectID: 036830a46a18f904e8c577b96b4d5c8d
  m_EffectName: Attenuation
  m_MixLevel: 2d7ddf3b94ab4ee4386fa100612fd8c5
  m_Parameters: []
  m_SendTarget: {fileID: 0}
  m_EnableWetMix: 0
  m_Bypass: 0
--- !u!245 &24500006
AudioMixerSnapshotController:
  m_ObjectHideFlags: 0
  m_CorrespondingSourceObject: {fileID: 0}
  m_PrefabInstance: {fileID: 0}
  m_PrefabAsset: {fileID: 0}
  m_Name: Snapshot
  m_AudioMixer: {fileID: 24100000}
  m_SnapshotID: 4624e97c52231274985cadb5ff2ffedd
  m_FloatValues: {}
  m_TransitionOverrides: {}
--- !u!243 &243564747588538362
AudioMixerGroupController:
  m_ObjectHideFlags: 0
  m_CorrespondingSourceObject: {fileID: 0}
  m_PrefabInstance: {fileID: 0}
  m_PrefabAsset: {fileID: 0}
  m_Name: Sounds
  m_AudioMixer: {fileID: 24100000}
  m_GroupID: c2882a601292d2e44a91f4f97fc42290
  m_Children:
  - {fileID: 243958170587823666}
  m_Volume: 7731bb7cc1792c441befae1560232ebf
  m_Pitch: ae3c91d38ff122e4d893d54564ad45ef
  m_Effects:
  - {fileID: 244863911865317156}
  m_UserColorIndex: 0
  m_Mute: 0
  m_Solo: 0
  m_BypassEffects: 0
--- !u!243 &243877979009411384
AudioMixerGroupController:
  m_ObjectHideFlags: 0
  m_CorrespondingSourceObject: {fileID: 0}
  m_PrefabInstance: {fileID: 0}
  m_PrefabAsset: {fileID: 0}
  m_Name: Music
  m_AudioMixer: {fileID: 24100000}
  m_GroupID: 56dd7cd0d6b60ca45a8896c3bfee24bc
  m_Children: []
  m_Volume: 675923f4cb36ff248a2f884c76604819
  m_Pitch: 7b8dd1e404b729d45a4ab669790546df
  m_Effects:
  - {fileID: 244432769681987652}
  m_UserColorIndex: 0
  m_Mute: 0
  m_Solo: 0
  m_BypassEffects: 0
--- !u!243 &243958170587823666
AudioMixerGroupController:
  m_ObjectHideFlags: 0
  m_CorrespondingSourceObject: {fileID: 0}
  m_PrefabInstance: {fileID: 0}
  m_PrefabAsset: {fileID: 0}
  m_Name: Car
  m_AudioMixer: {fileID: 24100000}
  m_GroupID: e918f6569df63e745a2e0a1d67696a59
  m_Children: []
  m_Volume: 4947c29867e46be4480b6b5939861a25
  m_Pitch: d7f5605859c3da14faff8f68fcbe82ce
  m_Effects:
  - {fileID: 244305774777598184}
  m_UserColorIndex: 0
  m_Mute: 0
  m_Solo: 0
  m_BypassEffects: 0
--- !u!244 &244305774777598184
AudioMixerEffectController:
  m_ObjectHideFlags: 3
  m_CorrespondingSourceObject: {fileID: 0}
  m_PrefabInstance: {fileID: 0}
  m_PrefabAsset: {fileID: 0}
  m_Name: 
  m_EffectID: 3f9d9df1f1c1e2344a2f33270867d810
  m_EffectName: Attenuation
  m_MixLevel: c1116f06be0b00045837075f07312127
  m_Parameters: []
  m_SendTarget: {fileID: 0}
  m_EnableWetMix: 0
  m_Bypass: 0
--- !u!244 &244432769681987652
AudioMixerEffectController:
  m_ObjectHideFlags: 3
  m_CorrespondingSourceObject: {fileID: 0}
  m_PrefabInstance: {fileID: 0}
  m_PrefabAsset: {fileID: 0}
  m_Name: 
  m_EffectID: 336280d0a9f8f1a428c51e34e22d471c
  m_EffectName: Attenuation
  m_MixLevel: 0a8bff0779c59af4b999baea27a36afe
  m_Parameters: []
  m_SendTarget: {fileID: 0}
  m_EnableWetMix: 0
  m_Bypass: 0
--- !u!244 &244863911865317156
AudioMixerEffectController:
  m_ObjectHideFlags: 3
  m_CorrespondingSourceObject: {fileID: 0}
  m_PrefabInstance: {fileID: 0}
  m_PrefabAsset: {fileID: 0}
  m_Name: 
  m_EffectID: e1fecd42255b3e045b4f27fde8aea463
  m_EffectName: Attenuation
  m_MixLevel: e3721767d9d83984685215915dd0f838
  m_Parameters: []
  m_SendTarget: {fileID: 0}
  m_EnableWetMix: 0
  m_Bypass: 0
